@String(PAMI = {IEEE Trans. Pattern Anal. Mach. Intell.})
@String(IJCV = {Int. J. Comput. Vis.})
@String(CVPR= {IEEE Conf. Comput. Vis. Pattern Recog.})
@String(ICCV= {Int. Conf. Comput. Vis.})
@String(ECCV= {Eur. Conf. Comput. Vis.})
@String(NIPS= {Adv. Neural Inform. Process. Syst.})
@String(ICPR = {Int. Conf. Pattern Recog.})
@String(BMVC= {Brit. Mach. Vis. Conf.})
@String(TOG= {ACM Trans. Graph.})
@String(TIP  = {IEEE Trans. Image Process.})
@String(TVCG  = {IEEE Trans. Vis. Comput. Graph.})
@String(TMM  = {IEEE Trans. Multimedia})
@String(ACMMM= {ACM Int. Conf. Multimedia})
@String(ICME = {Int. Conf. Multimedia and Expo})
@String(ICASSP=	{ICASSP})
@String(ICIP = {IEEE Int. Conf. Image Process.})
@String(ACCV  = {ACCV})
@String(ICLR = {Int. Conf. Learn. Represent.})
@String(IJCAI = {IJCAI})
@String(PR   = {Pattern Recognition})
@String(AAAI = {AAAI})
@String(CVPRW= {IEEE Conf. Comput. Vis. Pattern Recog. Worksh.})
@String(CSVT = {IEEE Trans. Circuit Syst. Video Technol.})

@String(SPL	= {IEEE Sign. Process. Letters})
@String(VR   = {Vis. Res.})
@String(JOV	 = {J. Vis.})
@String(TVC  = {The Vis. Comput.})
@String(JCST  = {J. Comput. Sci. Tech.})
@String(CGF  = {Comput. Graph. Forum})
@String(CVM = {Computational Visual Media})


@String(PAMI  = {IEEE TPAMI})
@String(IJCV  = {IJCV})
@String(CVPR  = {CVPR})
@String(ICCV  = {ICCV})
@String(ECCV  = {ECCV})
@String(NIPS  = {NeurIPS})
@String(ICPR  = {ICPR})
@String(BMVC  =	{BMVC})
@String(TOG   = {ACM TOG})
@String(TIP   = {IEEE TIP})
@String(TVCG  = {IEEE TVCG})
@String(TCSVT = {IEEE TCSVT})
@String(TMM   =	{IEEE TMM})
@String(ACMMM = {ACM MM})
@String(ICME  =	{ICME})
@String(ICASSP=	{ICASSP})
@String(ICIP  = {ICIP})
@String(ACCV  = {ACCV})
@String(ICLR  = {ICLR})
@String(IJCAI = {IJCAI})
@String(PR = {PR})
@String(AAAI = {AAAI})
@String(CVPRW= {CVPRW})
@String(CSVT = {IEEE TCSVT})



@article{PoonGranger,
    title   = {Volatility Forecasting I: GARCH Models},
    author  = {Ser-Huang Poon and Clive W.J. Granger},
    journal = {Journal of Economic Literature},
    year    = {1997},
    note    = {Accessed via JSTOR}
}

@article{JarenoGarcia,
    title   = {Technical analysis and stock market efficiency},
    author  = {Francisco Jareño and Ana Belén García},
    journal = {Managerial Finance},
    year    = {2001},
    note    = {Accessed via Emerald Insight}
}

@article{Psaradellis,
    title   = {The profitability of a combined signal approach: SMA and EMA trading signals},
    author  = {Ioannis Psaradellis and others},
    journal = {International Review of Financial Analysis},
    year    = {2015},
    note    = {Accessed via ScienceDirect}
}

@article{TongChio,
    title   = {A comparative study of the MACD-base trading strategies: evidence from the US stock market},
    author  = {Pat Tong Chio},
    journal = {arXiv preprint arXiv:2206.12282},
    year    = {2022},
    note    = {Accessed via arXiv}
}

@article{RumelhartHintonWilliams,
    title   = {Learning representations by back-propagating errors},
    author  = {David E. Rumelhart and Geoffrey E. Hinton and Ronald J. Williams},
    journal = {Nature},
    volume  = {323},
    number  = {6088},
    pages   = {533-536},
    year    = {1986},
    doi     = {10.1038/323533a0}
}

@article{HochreiterSchmidhuber,
    title   = {Long Short-Term Memory},
    author  = {Sepp Hochreiter and Jürgen Schmidhuber},
    journal = {Neural Computation},
    volume  = {9},
    number  = {8},
    pages   = {1735-1780},
    year    = {1997},
    doi     = {10.1162/neco.1997.9.8.1735}
}

@article{AIHealthcareTimeSeries,
    title   = {AI in Healthcare: Time-Series Forecasting Using Statistical, Neural, and Ensemble Architectures},
    author  = {Shruti Kaushik, Abhinav Choudhury, Pankaj Kumar Sheron, Nataraj Dasgupta, Sayee Natarajan, Larry A. Pickett, Varun Dutt},
    journal = {Frontiers in Big Data},
    year    = {2020},
    note    = {Accessed via Frontiers}
}


@article{FuzzyInferenceLSTM,
    title   = {Fuzzy inference-based LSTM for long-term time series prediction},
    author  = {Authors not specified},
    journal = {Scientific Reports},
    year    = {Date not specified},
    note    = {Accessed via Nature}
}

@article{timeSeriesANNReview,
    title   = {Time series forecasting using artificial neural networks methodologies: A systematic review},
    author  = {Authors not specified},
    journal = {ScienceDirect},
    year    = {2018},
    note    = {Accessed via ScienceDirect}
}

@article{cryptocurrencyJFEC,
    title   = {Understanding Cryptocurrencies},
    author  = {Wolfgang Karl Härdle, Campbell R Harvey, Raphael C G Reule},
    journal = {The Journal of Financial Econometrics},
    year    = {2020},
    note    = {Accessed via Oxford Academic [URL: https://doi.org/10.1093/jjfinec/nbz033]}
}


@article{cryptocurrencyCybersecurity,
    title   = {Cryptocurrencies and fundamental rights},
    author  = {Christian Rueckert},
    journal = {The Journal of Cybersecurity},
    year    = {2019},
    doi     = {https://doi.org/10.1093/cybsec/tyz004}
}



@article{He16,
    title     = {Deep residual learning for image recognition},
    author    = {Kaiming He and Xiangyu Zhang and Shaoqing Ren and Jian Sun},
    booktitle = {Proceedings of the IEEE conference on computer vision and pattern recognition},
    pages     = {770--778},
    year      = {2016}
}

@article{Szegedy15,
    title   = {Going deeper with convolutions},
    author  = {Christian Szegedy and Wei Liu and Yangqing Jia and Pierre Sermanet and Scott Reed and Dragomir Anguelov and Dumitru Erhan and Vincent Vanhoucke and Andrew Rabinovich},
    journal = {Proceedings of the IEEE conference on computer vision and pattern recognition},
    pages   = {1--9},
    year    = {2015}
}

@article{Vaswani17,
    title     = {Attention is all you need},
    author    = {Ashish Vaswani and Noam Shazeer and Niki Parmar and Jakob Uszkoreit and Llion Jones and Aidan N. Gomez and Lukasz Kaiser and Illia Polosukhin},
    booktitle = {Advances in neural information processing systems},
    pages     = {5998--6008},
    year      = {2017}
}