@String(PAMI = {IEEE Trans. Pattern Anal. Mach. Intell.})
@String(IJCV = {Int. J. Comput. Vis.})
@String(CVPR= {IEEE Conf. Comput. Vis. Pattern Recog.})
@String(ICCV= {Int. Conf. Comput. Vis.})
@String(ECCV= {Eur. Conf. Comput. Vis.})
@String(NIPS= {Adv. Neural Inform. Process. Syst.})
@String(ICPR = {Int. Conf. Pattern Recog.})
@String(BMVC= {Brit. Mach. Vis. Conf.})
@String(TOG= {ACM Trans. Graph.})
@String(TIP  = {IEEE Trans. Image Process.})
@String(TVCG  = {IEEE Trans. Vis. Comput. Graph.})
@String(TMM  = {IEEE Trans. Multimedia})
@String(ACMMM= {ACM Int. Conf. Multimedia})
@String(ICME = {Int. Conf. Multimedia and Expo})
@String(ICASSP=	{ICASSP})
@String(ICIP = {IEEE Int. Conf. Image Process.})
@String(ACCV  = {ACCV})
@String(ICLR = {Int. Conf. Learn. Represent.})
@String(IJCAI = {IJCAI})
@String(PR   = {Pattern Recognition})
@String(AAAI = {AAAI})
@String(CVPRW= {IEEE Conf. Comput. Vis. Pattern Recog. Worksh.})
@String(CSVT = {IEEE Trans. Circuit Syst. Video Technol.})

@String(SPL	= {IEEE Sign. Process. Letters})
@String(VR   = {Vis. Res.})
@String(JOV	 = {J. Vis.})
@String(TVC  = {The Vis. Comput.})
@String(JCST  = {J. Comput. Sci. Tech.})
@String(CGF  = {Comput. Graph. Forum})
@String(CVM = {Computational Visual Media})


@String(PAMI  = {IEEE TPAMI})
@String(IJCV  = {IJCV})
@String(CVPR  = {CVPR})
@String(ICCV  = {ICCV})
@String(ECCV  = {ECCV})
@String(NIPS  = {NeurIPS})
@String(ICPR  = {ICPR})
@String(BMVC  =	{BMVC})
@String(TOG   = {ACM TOG})
@String(TIP   = {IEEE TIP})
@String(TVCG  = {IEEE TVCG})
@String(TCSVT = {IEEE TCSVT})
@String(TMM   =	{IEEE TMM})
@String(ACMMM = {ACM MM})
@String(ICME  =	{ICME})
@String(ICASSP=	{ICASSP})
@String(ICIP  = {ICIP})
@String(ACCV  = {ACCV})
@String(ICLR  = {ICLR})
@String(IJCAI = {IJCAI})
@String(PR = {PR})
@String(AAAI = {AAAI})
@String(CVPRW= {CVPRW})
@String(CSVT = {IEEE TCSVT})



@article{Lecun98,
    title   = {Gradient-based learning applied to document recognition},
    author  = {Yann LeCun and LÃ©on Bottou and Yoshua Bengio and Patrick Haffner},
    journal = {Proceedings of the IEEE},
    volume  = {86},
    number  = {11},
    pages   = {2278--2324},
    year    = {1998}
}

@article{Krizhevsky12,
    title     = {Imagenet classification with deep convolutional neural networks},
    author    = {Alex Krizhevsky and Ilya Sutskever and Geoffrey E. Hinton},
    booktitle = {Advances in neural information processing systems},
    pages     = {1097--1105},
    year      = {2012}
}

@article{Simonyan14,
    title   = {Very deep convolutional networks for large-scale image recognition},
    author  = {Karen Simonyan and Andrew Zisserman},
    journal = {arXiv preprint arXiv:1409.1556},
    year    = {2014}
}

@article{He16,
    title     = {Deep residual learning for image recognition},
    author    = {Kaiming He and Xiangyu Zhang and Shaoqing Ren and Jian Sun},
    booktitle = {Proceedings of the IEEE conference on computer vision and pattern recognition},
    pages     = {770--778},
    year      = {2016}
}

@article{Szegedy15,
    title   = {Going deeper with convolutions},
    author  = {Christian Szegedy and Wei Liu and Yangqing Jia and Pierre Sermanet and Scott Reed and Dragomir Anguelov and Dumitru Erhan and Vincent Vanhoucke and Andrew Rabinovich},
    journal = {Proceedings of the IEEE conference on computer vision and pattern recognition},
    pages   = {1--9},
    year    = {2015}
}

@article{Vaswani17,
    title     = {Attention is all you need},
    author    = {Ashish Vaswani and Noam Shazeer and Niki Parmar and Jakob Uszkoreit and Llion Jones and Aidan N. Gomez and Lukasz Kaiser and Illia Polosukhin},
    booktitle = {Advances in neural information processing systems},
    pages     = {5998--6008},
    year      = {2017}
}

@article{Dosovitskiy20,
    title   = {An Image is Worth 16x16 Words: Transformers for Image Recognition at Scale},
    author  = {Alexey Dosovitskiy and Lucas Beyer and Alexander Kolesnikov and Dirk Weissenborn and Xiaohua Zhai and Thomas Unterthiner and Mostafa Dehghani and Matthias Minderer and Georg Heigold and Sylvain Gelly and Jakob Uszkoreit and Neil Houlsby},
    journal = {arXiv preprint arXiv:2010.11929},
    year    = {2020}
}


@article{Devlin18,
    title   = {BERT: Pre-training of deep bidirectional transformers for language understanding},
    author  = {Jacob Devlin and Ming-Wei Chang and Kenton Lee and Kristina Toutanova},
    journal = {arXiv preprint arXiv:1810.04805},
    year    = {2018}
}

@article{Radford18,
    title  = {Improving language understanding by generative pre-training},
    author = {Alec Radford and Karthik Narasimhan and Tim Salimans and Ilya Sutskever},
    year   = {2018}
}

@article{Radford19,
    title     = {Language models are unsupervised multitask learners},
    author    = {Alec Radford and Jeffrey Wu and Rewon Child and David Luan and Dario Amodei and Ilya Sutskever},
    booktitle = {OpenAI Blog},
    volume    = {1},
    number    = {8},
    year      = {2019}
}

@article{Dosovitskiy20,
    title   = {An Image is Worth 16x16 Words: Transformers for Image Recognition at Scale},
    author  = {Alexey Dosovitskiy and Lucas Beyer and Alexander Kolesnikov and Dirk Weissenborn and Xiaohua Zhai and Thomas Unterthiner and Mostafa Dehghani and Matthias Minderer and Georg Heigold and Sylvain Gelly and Jakob Uszkoreit and Neil Houlsby},
    journal = {arXiv preprint arXiv:2010.11929},
    year    = {2020}
}

@misc{Mehta21,
    author        = {Sachin Mehta and Mohammad Rastegari},
    title         = {MobileViT: Light-weight, General-purpose, and Mobile-friendly Vision Transformer},
    year          = {2021},
    note          = {arXiv:2110.02178},
    eprint        = {2110.02178},
    archiveprefix = {arXiv},
    primaryclass  = {cs.CV},
    url           = {https://arxiv.org/abs/2110.02178},
    month         = oct,
    day           = {05}
}

@article{Cao23,
    author  = {Keyan Cao and Hangbo Tao and Zhiqiong Wang and Xi Jin},
    title   = {MSM-ViT: A multi-scale MobileViT for pulmonary nodule classification using CT images},
    journal = {Technology and Health Care},
    doi     = {10.3233/xst-230014},
    year    = {2023},
    month   = apr,
    day     = {27},
    volume  = {},
    number  = {},
    pages   = {},
    url     = {https://doi.org/10.3233/xst-230014}
}
