@String(PAMI = {IEEE Trans. Pattern Anal. Mach. Intell.})
@String(IJCV = {Int. J. Comput. Vis.})
@String(CVPR= {IEEE Conf. Comput. Vis. Pattern Recog.})
@String(ICCV= {Int. Conf. Comput. Vis.})
@String(ECCV= {Eur. Conf. Comput. Vis.})
@String(NIPS= {Adv. Neural Inform. Process. Syst.})
@String(ICPR = {Int. Conf. Pattern Recog.})
@String(BMVC= {Brit. Mach. Vis. Conf.})
@String(TOG= {ACM Trans. Graph.})
@String(TIP  = {IEEE Trans. Image Process.})
@String(TVCG  = {IEEE Trans. Vis. Comput. Graph.})
@String(TMM  = {IEEE Trans. Multimedia})
@String(ACMMM= {ACM Int. Conf. Multimedia})
@String(ICME = {Int. Conf. Multimedia and Expo})
@String(ICASSP=	{ICASSP})
@String(ICIP = {IEEE Int. Conf. Image Process.})
@String(ACCV  = {ACCV})
@String(ICLR = {Int. Conf. Learn. Represent.})
@String(IJCAI = {IJCAI})
@String(PR   = {Pattern Recognition})
@String(AAAI = {AAAI})
@String(CVPRW= {IEEE Conf. Comput. Vis. Pattern Recog. Worksh.})
@String(CSVT = {IEEE Trans. Circuit Syst. Video Technol.})

@String(SPL	= {IEEE Sign. Process. Letters})
@String(VR   = {Vis. Res.})
@String(JOV	 = {J. Vis.})
@String(TVC  = {The Vis. Comput.})
@String(JCST  = {J. Comput. Sci. Tech.})
@String(CGF  = {Comput. Graph. Forum})
@String(CVM = {Computational Visual Media})


@String(PAMI  = {IEEE TPAMI})
@String(IJCV  = {IJCV})
@String(CVPR  = {CVPR})
@String(ICCV  = {ICCV})
@String(ECCV  = {ECCV})
@String(NIPS  = {NeurIPS})
@String(ICPR  = {ICPR})
@String(BMVC  =	{BMVC})
@String(TOG   = {ACM TOG})
@String(TIP   = {IEEE TIP})
@String(TVCG  = {IEEE TVCG})
@String(TCSVT = {IEEE TCSVT})
@String(TMM   =	{IEEE TMM})
@String(ACMMM = {ACM MM})
@String(ICME  =	{ICME})
@String(ICASSP=	{ICASSP})
@String(ICIP  = {ICIP})
@String(ACCV  = {ACCV})
@String(ICLR  = {ICLR})
@String(IJCAI = {IJCAI})
@String(PR = {PR})
@String(AAAI = {AAAI})
@String(CVPRW= {CVPRW})
@String(CSVT = {IEEE TCSVT})





@article{Du2022,
  author  = {Ke-Lin Du and C. Leung and W. Mow and M. Swamy},
  title   = {Perceptron: Learning, Generalization, Model Selection, Fault Tolerance, and Role in the Deep Learning Era},
  journal = {Mathematics},
  volume  = {10},
  number  = {24},
  pages   = {4730},
  year    = {2022}
}

@article{Rhee1976,
  author  = {Wonjong Rhee and N. Miura},
  title   = {Panel discussion},
  journal = {Postgraduate Medical Journal},
  volume  = {52},
  number  = {606},
  pages   = {215},
  year    = {1976},
  url     = {https://dx.doi.org/10.1136/pgmj.52.606.215}
}

@inproceedings{Boubiche1969,
  author    = {D. E. Boubiche and F. Hidoussi and H. Cruz},
  title     = {Contents},
  booktitle = {Unknown},
  year      = {1969},
  url       = {https://dx.doi.org/10.1515/9781474471473-toc}
}

@article{McMillen1968,
  author  = {W. McMillen and H. Russell and Alton A. Linford and R. Marks},
  title   = {Author index},
  journal = {Unknown},
  year    = {1968},
  url     = {https://dx.doi.org/10.1111/j.1742-4658.2007.auindex_1.x-i18}
}

@article{Crowell1965,
  author  = {S. Crowell},
  title   = {EDITOR'S QUINQUENNIAL REVIEW},
  journal = {Integrative and Comparative Biology},
  volume  = {5},
  number  = {4},
  pages   = {756},
  year    = {1965},
  url     = {https://dx.doi.org/10.1093/icb/5.4.756}
}

@article{Ahmed2022,
  author  = {U. Ahmed and Ghassan F. Issa and Muhammad Adnan Khan and Shabib Aftab and Muhammad Farhan Khan and Raed A. Said and Taher M. Ghazal and Munir Ahmad},
  title   = {Prediction of Diabetes Empowered with Fused Machine Learning},
  journal = {IEEE Access},
  doi     = {10.1109/access.2022.3142097},
  url     = {https://dx.doi.org/10.1109/access.2022.3142097},
  pdf_url = {https://ieeexplore.ieee.org/ielx7/6287639/9668973/09676634.pdf}
}

@article{Kang2021,
  author  = {Ziqiu Kang and C. Catal and B. Tekinerdogan},
  title   = {Remaining Useful Life (RUL) Prediction of Equipment in Production Lines Using Artificial Neural Networks},
  journal = {Sensors},
  volume  = {21},
  number  = {3},
  doi     = {10.3390/s21030932},
  url     = {https://dx.doi.org/10.3390/s21030932},
  pdf_url = {https://www.mdpi.com/1424-8220/21/3/932/pdf?version=1612013928},
  year    = {2021}
}

@article{Elghamrawy2020,
  author  = {Sally M. Elghamrawy and A. Hassanien},
  title   = {Diagnosis and Prediction Model for COVID19 Patients Response to Treatment based on Convolutional Neural Networks and Whale Optimization Algorithm Using CT Images},
  journal = {medRxiv},
  doi     = {10.1101/2020.04.16.20063990},
  url     = {https://dx.doi.org/10.1101/2020.04.16.20063990},
  pdf_url = {https://www.medrxiv.org/content/medrxiv/early/2020/04/21/2020.04.16.20063990.full.pdf},
  year    = {2020}
}

@article{Bukhari2021,
  author  = {Muhammad Mazhar Bukhari and B. F. Alkhamees and Saddam Hussain and A. Gumaei and A. Assiri and Syed Sajid Ullah},
  title   = {An Improved Artificial Neural Network Model for Effective Diabetes Prediction},
  journal = {Complexity},
  doi     = {10.1155/2021/5525271},
  url     = {https://dx.doi.org/10.1155/2021/5525271},
  pdf_url = {https://downloads.hindawi.com/journals/complexity/2021/5525271.pdf},
  year    = {2021}
}
